% https://manoa.hawaii.edu/ccpv/workshops/NLP-handbook.pdf
@article{subject,
  author  = {Bing Liu},
  school  = {University of Illinois at Chicago},
  title   = {Sentiment Analysis and Subjectivity},
  year    = {}
}

@article{data,
  author          = {Ni, Jianmo and Li, Jiacheng and McAuley, Julian},
  school  = {University of California, San Diego},
  title           = {Justifying Recommendations using Distantly-Labeled Reviews and Fine-Grained Aspects},
  year            = {2019}
}

@inproceedings{unsupervised,
    title = "Unsupervised Data Augmentation for Consistency Training",
    author = "Xie, Qizhe and
      Dai, Zihang and
      Hovy, Eduard and
      Luong, Minh-Thang and
      Le, Quoc V.",
    year = "2020",
    url = "https://arxiv.org/pdf/1904.12848v6.pdf",
}
@inproceedings{pyramid,
    title = "Deep Pyramid Convolutional Neural Networks for Text Categorization",
    author = "Johnson, Rie and
      Zhang, Tong",
    year = "2017",
    url = "https://aclanthology.org/P17-1052.pdf",
}
@inproceedings{disconnect,
    title = "Disconnected Recurrent Neural Networks for Text Categorization",
    author = "Wang, Baoxin",
    year = "2018",
    url = "https://aclanthology.org/P18-1215.pdf",
}

@inproceedings{yamada-etal-2020-luke,
    title = "{LUKE}: Deep Contextualized Entity Representations with Entity-aware Self-attention",
    author = "Yamada, Ikuya  and
      Asai, Akari  and
      Shindo, Hiroyuki  and
      Takeda, Hideaki  and
      Matsumoto, Yuji",
    booktitle = "Proceedings of the 2020 Conference on Empirical Methods in Natural Language Processing (EMNLP)",
    year = "2020",
    publisher = "Association for Computational Linguistics",
    url = "https://aclanthology.org/2020.emnlp-main.523",
    doi = "10.18653/v1/2020.emnlp-main.523",
}

@article{DBLP:journals/corr/abs-1909-11942,
  author    = {Zhenzhong Lan and
               Mingda Chen and
               Sebastian Goodman and
               Kevin Gimpel and
               Piyush Sharma and
               Radu Soricut},
  title     = {{ALBERT:} {A} Lite {BERT} for Self-supervised Learning of Language
               Representations},
  journal   = {CoRR},
  volume    = {abs/1909.11942},
  year      = {2019},
  url       = {http://arxiv.org/abs/1909.11942},
  archivePrefix = {arXiv},
  eprint    = {1909.11942},
  timestamp = {Fri, 27 Sep 2019 13:04:21 +0200},
  biburl    = {https://dblp.org/rec/journals/corr/abs-1909-11942.bib},
  bibsource = {dblp computer science bibliography, https://dblp.org}
}

